@inproceedings{mattern2010ict,
  title={{ICT} for green: How computers can help us to conserve energy},
  author={Mattern, F. and Staake, T. and Weiss, M.},
  booktitle={Proceedings of the 1st International Conference on Energy-Efficient Computing and Networking (e-energy)},
  pages={1--10},
  organization={ACM},
  year={2010}
}
